@BOOK{texbook,
    author      = {Donald E. Knuth},
    title       = {The \TEX book},
    year        = {1984},
    address     = {Reading, Mass. et. al.},
    location    = {Reading, Mass. et. al.},
    series      = {Computers and typesetting vol. 1},
    keywords    = {all}
}

